<?xml version="1.0" encoding="UTF-8"?><collection xmlns="http://www.loc.gov/MARC21/slim"><record><leader>00557nam--2200181-i-4500</leader><controlfield tag="001">000036853</controlfield><controlfield tag="002">20161230</controlfield><controlfield tag="005">20161230201041</controlfield><controlfield tag="008">060222s1000------------r-----000-0-rus-d</controlfield><datafield ind1=" " ind2=" " tag="040"><subfield code="a">IFIN-HH</subfield></datafield><datafield ind1=" " ind2=" " tag="041"><subfield code="a">rus</subfield></datafield><datafield ind1=" " ind2=" " tag="080"><subfield code="a">539.12</subfield></datafield><datafield ind1="1" ind2=" " tag="100"><subfield code="a">Medvedev, Yu.A</subfield></datafield><datafield ind1="1" ind2="0" tag="245"><subfield code="a">Iaderno-fiziceskie konstanti vzaimodeistvia s elementami, vhodiasimi v sostav atmosferi i zemnoi kori</subfield><subfield code="c">Yu.a. medvedev, b.m. stepanov, g.ia. truhanov</subfield></datafield><datafield ind1=" " ind2=" " tag="260"><subfield code="a">Modkva</subfield><subfield code="b">Energoizdat</subfield><subfield code="c">1981</subfield></datafield><datafield ind1="1" ind2=" " tag="700"><subfield code="a">Truhanov, G.Ia</subfield><subfield code="e">Ed</subfield></datafield><datafield ind1=" " ind2=" " tag="852"><subfield code="a">70008</subfield><subfield code="c">539.12</subfield></datafield><datafield ind1=" " ind2=" " tag="CAT"><subfield code="a">Sys</subfield><subfield code="c">20111208</subfield><subfield code="h">151219</subfield></datafield></record></collection>